<?xml version="1.0" encoding="UTF-8"?><record xmlns="http://www.loc.gov/MARC21/slim" xmlns:cinclude="http://apache.org/cocoon/include/1.0" xmlns:zs="http://www.loc.gov/zing/srw/">
  <leader>00475nz  a2200133n  4500</leader>
  <controlfield tag="001">no2002056130</controlfield>
  <controlfield tag="003">DLC</controlfield>
  <controlfield tag="005">20020628061238.0</controlfield>
  <controlfield tag="008">020627n| acannaabn          |n aaa     c</controlfield>
  <datafield tag="010" ind1=" " ind2=" ">
    <subfield code="a">no2002056130</subfield>
  </datafield>
  <datafield tag="035" ind1=" " ind2=" ">
    <subfield code="a">(OCoLC)oca05797340</subfield>
  </datafield>
  <datafield tag="040" ind1=" " ind2=" ">
    <subfield code="a">CU</subfield>
    <subfield code="b">eng</subfield>
    <subfield code="c">CU</subfield>
  </datafield>
  <datafield tag="100" ind1="1" ind2=" ">
    <subfield code="a">Legludic, H.</subfield>
  </datafield>
  <datafield tag="670" ind1=" " ind2=" ">
    <subfield code="a">Mémoires d'un travesti, prostitué, homosexuel, 2000:</subfield>
    <subfield code="b">t.p. (H. Legludic) p. 4 of cover, etc. (Director of l'Ecole de médicine et de pharmacie d'Angers, 2nd half of 19th century; Dr.)</subfield>
  </datafield>
</record>